
===========================================================================
ALL
===========================================================================


@inproceedings{SDSS,
 author = {Szalay, Alexander S. and Gray, Jim and Thakar, Ani R. and Kunszt, Peter Z. and Malik, Tanu and Raddick, Jordan and Stoughton, Christopher and vandenBerg, Jan},
 title = {The {SDSS} skyserver: public access to the {S}loan digital sky server data},
 booktitle = {Proceedings of the 2002 ACM SIGMOD international conference on Management of data},
 series = {SIGMOD '02},
 year = {2002},
 isbn = {1-58113-497-5},
 location = {Madison, Wisconsin},
 pages = {570--581},
 numpages = {12},
 url = {http://doi.acm.org/10.1145/564691.564758},
 doi = {http://doi.acm.org/10.1145/564691.564758},
 acmid = {564758},
 publisher = {ACM},
 address = {New York, NY, USA},
} 

@misc{DDMF,
author = {{INRIA Algorithms Project}},
title = {Dynamic {D}ictionary of {M}athematical {F}unctions},
note = {\url{http://ddmf.msr-inria.inria.fr/1.6.1/ddmf}}
}

@misc{ECS,
author = {{INRIA Algorithms Project}},
title = {Encyclopedia of {C}ombinatorial {S}tructures},
note = {\url{http://algo.inria.fr/encyclopedia/}}
}



@misc{HGP,
title = {{H}uman {G}enome {P}roject},
note = {\url{http://www.ornl.gov/sci/techresources/Human_Genome/home.shtml}}
}


@misc{AtlasGroup,
title = {\textsc{Atlas} of {F}inite {G}roup {R}epresentations},
note = {\url{http://brauer.maths.qmul.ac.uk/Atlas/v3/}}
}

@misc{knotinfo,
title = { {K}not{I}nfo: {T}able of {K}not {I}nvariants},
author = {J. C. Cha and C. Livingston},
note = {\url{http://www.indiana.edu/~knotinfo}}
}

@misc{virtualobservatory,
title = {Virtual {O}bservatory, wikipedia definition},
note = {\url{http://en.wikipedia.org/wiki/Virtual_Observatory}}
}

@misc{congruence,
author = {Chris Cummins and Sebastian Pauli }, 
title = {Congruence Subgroups of {PSL(2,Z)}},
note = {\url{http://page.math.tu-berlin.de/~pauli/congruence/}}
}

@misc {knotatlas,
Author = {Bar-Natan, Dror and Morrison, Scott and others},
title = {The {K}not {A}tlas},
note = {\url{http://katlas.org}},
}

@misc{OEIS,
author= {Sloane, N. and {al.}},
title = {The {O}n-{L}ine {E}ncyclopedia of {I}nteger {S}equences},
note = {\url{http://oeis.org}}
}

@misc{Jones,
author = {John Jones},
title = {Number Fields},
note = {\url{http://hobbes.la.asu.edu/NFDB/}}
}

@manual{sage,
  Key          = {Sage},
  Author       = {W.\thinspace{}A. Stein and others},
  Organization = {The Sage Development Team},
  Title        = {{S}age {M}athematics {S}oftware ({V}ersion 4.7.1)},
  note         = {\url{ http://www.sagemath.org}},
  Year         = {2011},
}

@Misc{sage-combinat,
      Organization = {The {S}age-{C}ombinat community},
      Title = {{S}age-{C}ombinat: enhancing {S}age as a toolbox for computer exploration in algebraic combinatorics},
      note= {\url{ http://combinat.sagemath.org}},
      Year = 2011}

@Misc{MO,
      Title = {Math{O}verflow},
      note= {\url{http://www.mathoverflow.net}}
      }

@Misc{planetmath,
      Title = {Planet{M}ath},
      note= {\url{http://www.planetmath.org}}
      }


@Misc{ISGCI,
author = {de Ridder, H.N. and others},
      Title = {Information {S}ystem on {G}raph {C}lasses and their {I}nclusions     },
      note= {\url{http://www.graphclasses.org/}}
      }

 @incollection {Cremona,
    AUTHOR = {Cremona, John},
     TITLE = {The elliptic curve database for conductors to 130000},
 BOOKTITLE = {Algorithmic number theory},
    SERIES = {Lecture Notes in Comput. Sci.},
    VOLUME = {4076},
     PAGES = {11--29},
 PUBLISHER = {Springer},
   ADDRESS = {Berlin},
      YEAR = {2006},
   MRCLASS = {11G05 (11-03 11Y70)},
  MRNUMBER = {2282912 (2007k:11087)},
MRREVIEWER = {A. Peth{\H{o}}},
       DOI = {10.1007/11792086_2},
       URL = {http://dx.doi.org/10.1007/11792086_2},
}

@incollection {SteinWatkins,
    AUTHOR = {Stein, William A. and Watkins, Mark},
     TITLE = {A database of elliptic curves---first report},
 BOOKTITLE = {Algorithmic number theory ({S}ydney, 2002)},
    SERIES = {Lecture Notes in Comput. Sci.},
    VOLUME = {2369},
     PAGES = {267--275},
 PUBLISHER = {Springer},
   ADDRESS = {Berlin},
      YEAR = {2002},
   MRCLASS = {11G05 (11Y35)},
  MRNUMBER = {2041090 (2005h:11113)},
       DOI = {10.1007/3-540-45455-1_22},
       URL = {http://dx.doi.org/10.1007/3-540-45455-1_22},
}

@Misc{Dokchitser,
author = {T. Dokchitser},
title = {Database of {A}rtin representations},
note = {\url{http://www.maths.bris.ac.uk/~matyd/}, included in {M}agma}
}


@inproceedings{WorldWind,
  author = {Hogan, Patrick},
  editor = {Liao, Lindi},
  booktitle = {COM.Geo},
  interhash = {dabcffa97a14d0572981435ced3761b2},
  intrahash = {94f78f11814f9202e9343e46d8044987},
  pages = 2,
  publisher = {ACM},
  series = {ACM International Conference Proceeding Series},
  title = {{NASA} {W}orld {W}ind: infrastructure for spatial data.},
  url = {http://dblp.uni-trier.de/db/conf/comgeo/comgeo2011.html#Hogan11},
  year = 2011,
  timestamp = {2011-06-24T00:00:00.000+0200},
  keywords = {dblp},
  ee = {http://doi.acm.org/10.1145/1999320.1999322},
  added-at = {2011-06-24T00:00:00.000+0200},
  isbn = {978-1-4503-0681-2},
  biburl = {http://www.bibsonomy.org/bibtex/294f78f11814f9202e9343e46d8044987/dblp}
}

@Misc{GMaps,
author = {{Google}},
title = {Google {M}aps},
note = {\url{http://maps.google.com}}
}

@Misc{GEarth,
author = {{Google}},
title = {Google {E}arth},
note = {\url{http://earth.google.com}}
}


@Misc{openstreet,
title = {Open{S}treet {M}ap},
note = {\url{http://www.openstreetmap.org/}}
}

@Misc{grout,
author = {Jason Grout},
title = {The {G}raph {D}atabase (graphs of fewer than 8 vertices)},
note = {\url{http://artsci.drake.edu/grout/graphs/}, fully included in \textsf{sage}}
}

@Misc{meringer,
author = {Markus Meringer},
title = {Regular graphs},
note = {\url{http://www.mathe2.uni-bayreuth.de/markus/reggraphs.html}}
}


@Misc{MathWorld,
      Title = {Wolfram {M}ath{World} (formerly {E}ric's {T}reasure {T}rove of {M}athematics)},
      note= {\url{http://http://mathworld.wolfram.com}}
      }

@Misc{Odlyzko,
author = {Andrew Odlyzko},
      Title = {Tables of zeros of the {R}iemann zeta function},
      note= {\url{http://www.dtc.umn.edu/~odlyzko/zeta_tables/index.html}}
      }
      
 @misc{Rub1,
 author = {Michael Rubinstein},
 title = {Zeroes of elliptic curve {L}-functions},
 note = {\url{http://oto.math.uwaterloo.ca/~mrubinst/L_function_public/ZEROS/}}
 }
 
 @misc{Rub2,
  author = {Michael Rubinstein},
 title = {Values of {L}-functions of degree less or equal to 2},
 note = {\url{http://oto.math.uwaterloo.ca/~mrubinst/L_function_public/VALUES/}}
 }
 
 @misc{Booker,
 author = {Booker, A. and Stršmbergsson, A. and Venkatesh, A.},
 title = {Effective computations with {M}aass forms; data files},
note = {\url{ http://www2.math.uu.se/~astrombe/emaass/emaass.html}}
}
     

 @misc{Stefan,
 author = {Stefan Lemurell},
 title = {Computational data on {M}aass forms},
 note = {\url{http://www.math.chalmers.se/~sj/}}
 }
     

@misc{findstat,
author = {Chris Berg and Franco Saliola and Christian Stump},
title = {Combinatorial statistic finder},
note = {\url{http://http://www.findstat.org/}}
}

@Misc{SteinMFD,
     AUTHOR = {Stein, William A.},
     TITLE = {The {M}odular {F}orms {D}atabase},
     YEAR = {2004},
     howpublished = {\url{http://modular.ucsd.edu/Tables}}
}


@misc{LMFDB,
title = {The {$L$}-functions and {M}odular {F}orms {D}ata{B}ase},
note = {\url{http://www.l-functions.org}}
}

